<record><leader>00000cas a22000007a 4500</leader><controlfield tag="001">17062468</controlfield><controlfield tag="008">871125d18961964ohuwr ne      0    0eng d</controlfield><datafield ind1=" " ind2=" " tag="010"><subfield code="a">sn 87076870 </subfield></datafield><datafield ind1=" " ind2=" " tag="040"><subfield code="a">ONP</subfield><subfield code="b">eng</subfield><subfield code="c">ONP</subfield><subfield code="d">OCLCQ</subfield><subfield code="d">OCLCF</subfield><subfield code="d">OCLCO</subfield></datafield><datafield ind1="1" ind2=" " tag="029"><subfield code="a">AU@</subfield><subfield code="b">000025802081</subfield></datafield><datafield ind1="0" ind2=" " tag="041"><subfield code="a">engger</subfield></datafield><datafield ind1=" " ind2=" " tag="042"><subfield code="a">msc</subfield></datafield><datafield ind1=" " ind2=" " tag="043"><subfield code="a">n-us-oh</subfield></datafield><datafield ind1="0" ind2="4" tag="245"><subfield code="a">The Minster post.</subfield></datafield><datafield ind1=" " ind2=" " tag="260"><subfield code="a">Minster, Ohio :</subfield><subfield code="b">Post Print. Co.,</subfield><subfield code="c">1896-1964.</subfield></datafield><datafield ind1=" " ind2=" " tag="300"><subfield code="a">v.</subfield></datafield><datafield ind1=" " ind2=" " tag="310"><subfield code="a">Weekly</subfield></datafield><datafield ind1="0" ind2=" " tag="362"><subfield code="a">Jahr. 1, nr. 1 (12 Ma&#776;rz 1896)-v. 69, no. 41 (Nov. 12, 1964).</subfield></datafield><datafield ind1=" " ind2=" " tag="546"><subfield code="a">Published in German, 1896-1918.</subfield></datafield><datafield ind1=" " ind2="0" tag="650"><subfield code="a">Germans</subfield><subfield code="z">Ohio</subfield><subfield code="v">Newspapers.</subfield></datafield><datafield ind1=" " ind2="7" tag="655"><subfield code="a">Newspapers.</subfield><subfield code="2">fast</subfield><subfield code="0">(OCoLC)fst01423814</subfield></datafield><datafield ind1=" " ind2="7" tag="650"><subfield code="a">Germans.</subfield><subfield code="2">fast</subfield><subfield code="0">(OCoLC)fst00942100</subfield></datafield><datafield ind1=" " ind2="7" tag="651"><subfield code="a">Ohio.</subfield><subfield code="2">fast</subfield><subfield code="0">(OCoLC)fst01205075</subfield></datafield><datafield ind1=" " ind2=" " tag="752"><subfield code="a">United States</subfield><subfield code="b">Ohio</subfield><subfield code="c">Auglaize</subfield><subfield code="d">Minster.</subfield></datafield><datafield ind1="0" ind2="0" tag="785"><subfield code="t">Community post (Minster, Ohio)</subfield><subfield code="w">(DLC)sn 84008861</subfield></datafield></record>